<?xml version = '1.0' encoding = 'UTF-8'?>
<Document xmlns="urn:iso:std:iso:20022:tech:xsd:pain.001.001.03" xmlns:xsi="http://www.w3.org/2001/XMLSchema-instance"><CstmrCdtTrfInitn><GrpHdr><MsgId>13023</MsgId><CreDtTm>2020-08-18T07:00:02+00.00</CreDtTm><NbOfTxs>2</NbOfTxs><CtrlSum>5628.22</CtrlSum><InitgPty><Nm>Scotts Philippines, Inc.</Nm></InitgPty></GrpHdr><PmtInf/><PmtInfId>13023</PmtInfId><PmtMtd>TRF</PmtMtd><BtchBookg>F</BtchBookg><NbOfTxs>2</NbOfTxs><CtrlSum>5628.22</CtrlSum><PmtTpInf><InstrPrty>NORM</InstrPrty></PmtTpInf><ReqdExctnDt>2020-08-18</ReqdExctnDt><Dbtr><Nm>Scotts Philippines, Inc.</Nm><PstlAdr><Ctry/></PstlAdr></Dbtr><DbtrAcct><Id><Othr><Id>0756034014</Id></Othr></Id><Ccy/><Nm>SPI CITI PHP 0756034014</Nm></DbtrAcct><DbtrAgt><FinInstnId><BIC>CITIPHMX</BIC><Nm>SPI CITI PHP 0756034014</Nm><PstlAdr><Ctry/></PstlAdr></FinInstnId></DbtrAgt><ChrgBr/><CdtTrfTxInf><PmtId><InstrId>30000003</InstrId><EndToEndId>30000003</EndToEndId></PmtId><Amt><InstdAmt Ccy="PHP">892.50</InstdAmt></Amt><ChrgBr/><CdtrAgt><FinInstnId><BIC/><ClrSysId><Prtry>VNNCC</Prtry></ClrSysId><Nm>CITI PH DUMMY BANK ACCOUNT</Nm><Ctry/><AdrLine/><AdrLine/><AdrLine/></FinInstnId></CdtrAgt><Cdtr><Nm/><PstlAdr><PstCd/><TwnNm/><Ctry/><AdrLine/><AdrLine/><AdrLine/></PstlAdr></Cdtr><CdtrAcct><Id><IBAN/><Othr><Id>100000515</Id></Othr></Id></CdtrAcct><RmtInf><Ustrd/><Invcr><Nm/></Invcr><Invcee><Nm>Scotts Philippines, Inc.</Nm></Invcee></RmtInf></CdtTrfTxInf></CstmrCdtTrfInitn></Document>